@misc{recomp_sprint1,
  title        = {RECOMP Project -- SPRINT1\_v1},
  howpublished = {\url{https://moodle.isep.ipp.pt/pluginfile.php/27488/mod_resource/content/6/RECOMP%20Project%20-%20SPRINT1_v1.pdf}},
  note         = {Accessed: \today},
}

@misc{t3a_ipv4_subneting_dhcp,
  title        = {T3-A: IPv4 Subnetting \& DHCP},
  howpublished = {\url{https://moodle.isep.ipp.pt/pluginfile.php/27388/mod_resource/content/7/T3-A-%20IPv4%20%20Subneting%20%20DHCP.pdf}},
  note         = {Accessed: \today},
}

@misc{tp2_layer2_security,
  title        = {TP2: Layer Two Security Configuration},
  howpublished = {\url{https://moodle.isep.ipp.pt/pluginfile.php/27431/mod_resource/content/4/TP2-%20Layer%20Two%20Security%20Configuration.pdf}},
  note         = {Accessed: \today},
}
